<?xml version="1.0" encoding="UTF-8"?><record xmlns="http://www.loc.gov/MARC21/slim" xmlns:cinclude="http://apache.org/cocoon/include/1.0" xmlns:zs="http://www.loc.gov/zing/srw/">
  <leader>00539cz  a2200133n  4500</leader>
  <controlfield tag="001">nr2005013865</controlfield>
  <controlfield tag="003">DLC</controlfield>
  <controlfield tag="005">20050615033136.0</controlfield>
  <controlfield tag="008">050610n| acannaabn          |n aaa     c</controlfield>
  <datafield tag="010" ind1=" " ind2=" ">
    <subfield code="a">nr2005013865</subfield>
  </datafield>
  <datafield tag="040" ind1=" " ind2=" ">
    <subfield code="a">NNFr</subfield>
    <subfield code="b">eng</subfield>
    <subfield code="c">NNFr</subfield>
    <subfield code="d">CStRLIN</subfield>
  </datafield>
  <datafield tag="100" ind1="1" ind2=" ">
    <subfield code="a">Perraud, Jean Joseph,</subfield>
    <subfield code="d">1819-1876</subfield>
  </datafield>
  <datafield tag="670" ind1=" " ind2=" ">
    <subfield code="a">Jean-Joseph Perraud, 1819-1876 : un sculpteur  sous le Second Empire, c2004:</subfield>
    <subfield code="b">p. 7 (b. Apr. 26, 1819, Monay) p. 8 (d. Nov. 2, 1876)</subfield>
  </datafield>
  <datafield tag="670" ind1=" " ind2=" ">
    <subfield code="a">Be휍혖ne휍혖zit, 1999</subfield>
    <subfield code="b">(Perraud, Jean Joseph; French sculptor; b. Apr. 6, 1819, Monay; d. Nov. 2, 1876, Paris)</subfield>
  </datafield>
</record>